<collection xmlns="http://www.loc.gov/MARC21/slim">
<record>
  <leader>00418nam0a22001331i 450 </leader>
  <controlfield tag="001">IT\ICCU\CNCE\052430</controlfield>
  <controlfield tag="005">20011009000000.0</controlfield>
  <datafield tag="100" ind1=" " ind2=" ">
    <subfield code="a">20011009f1530        0itac0103    ba</subfield>
  </datafield>
  <datafield tag="101" ind1=" " ind2=" ">
    <subfield code="a">ITA</subfield>
  </datafield>
  <datafield tag="102" ind1=" " ind2=" ">
    <subfield code="a">IT</subfield>
  </datafield>
  <datafield tag="200" ind1="1" ind2=" ">
    <subfield code="a">Hystoria de Hyppolito et Lionora</subfield>
  </datafield>
  <datafield tag="210" ind1=" " ind2=" ">
    <subfield code="d">\Non prima del 1530!</subfield>
    <subfield code="e">\Venezia!</subfield>
    <subfield code="g">per Giouan Andrea Vauassore detto Guadagnino</subfield>
  </datafield>
  <datafield tag="300" ind1=" " ind2=" ">
    <subfield code="a">Da alcuni attribuita a Leon Battista Alberti</subfield>
  </datafield>
  <datafield tag="801" ind1=" " ind2="3">
    <subfield code="a">IT</subfield>
    <subfield code="b">ICCU</subfield>
    <subfield code="c">20201115</subfield>
  </datafield>
</record>
</collection>
